<record><leader>00000cas a22000007a 4500</leader><controlfield tag="001">227183111</controlfield><controlfield tag="008">080507c20079999ohumr ne      |   a0eng c</controlfield><datafield ind1=" " ind2=" " tag="010"><subfield code="a">  2008213489</subfield></datafield><datafield ind1=" " ind2=" " tag="040"><subfield code="a">NSD</subfield><subfield code="b">eng</subfield><subfield code="c">NSD</subfield><subfield code="d">OCLCQ</subfield><subfield code="d">OCLCF</subfield><subfield code="d">OCLCO</subfield></datafield><datafield ind1=" " ind2=" " tag="012"><subfield code="l">1</subfield></datafield><datafield ind1="0" ind2=" " tag="022"><subfield code="a">1942-4124</subfield><subfield code="l">1942-4124</subfield><subfield code="2">1</subfield></datafield><datafield ind1=" " ind2=" " tag="037"><subfield code="b">The Liberty Voice, P. O. Box 411, Powell, OH 43065-0411</subfield></datafield><datafield ind1=" " ind2=" " tag="042"><subfield code="a">nsdp</subfield><subfield code="a">pcc</subfield></datafield><datafield ind1=" " ind2=" " tag="043"><subfield code="a">n-us-oh</subfield></datafield><datafield ind1="1" ind2="0" tag="050"><subfield code="a">ISSN RECORD</subfield></datafield><datafield ind1="1" ind2="0" tag="082"><subfield code="a">071</subfield><subfield code="2">14</subfield></datafield><datafield ind1=" " ind2="4" tag="222"><subfield code="a">The liberty voice</subfield><subfield code="b">(Liberty (Delaware County, Ohio. Township))</subfield></datafield><datafield ind1="0" ind2="4" tag="245"><subfield code="a">The liberty voice.</subfield></datafield><datafield ind1=" " ind2=" " tag="260"><subfield code="a">Liberty Township, Ohio :</subfield><subfield code="b">Liberty Voice</subfield></datafield><datafield ind1=" " ind2=" " tag="300"><subfield code="a">v. :</subfield><subfield code="b">ill. ;</subfield><subfield code="c">56 cm.</subfield></datafield><datafield ind1=" " ind2=" " tag="310"><subfield code="a">Monthly</subfield></datafield><datafield ind1="1" ind2=" " tag="362"><subfield code="a">Began with Nov. 2007.</subfield></datafield><datafield ind1=" " ind2=" " tag="588"><subfield code="a">Description based on first issue; title from caption.</subfield></datafield><datafield ind1=" " ind2="0" tag="651"><subfield code="a">Liberty (Delaware County, Ohio : Township)</subfield><subfield code="v">Newspapers.</subfield></datafield><datafield ind1=" " ind2="7" tag="655"><subfield code="a">Newspapers.</subfield><subfield code="2">fast</subfield><subfield code="0">(OCoLC)fst01423814</subfield></datafield><datafield ind1=" " ind2="7" tag="651"><subfield code="a">Ohio</subfield><subfield code="z">Liberty (Delaware County : Township)</subfield><subfield code="2">fast</subfield><subfield code="0">(OCoLC)fst01337308</subfield></datafield><datafield ind1=" " ind2=" " tag="752"><subfield code="a">United States</subfield><subfield code="b">Ohio</subfield><subfield code="c">Delaware.</subfield></datafield></record>